@misc{simonepap,
  author = {Simone Pistilli},
  title = {{Parallelization of the JPEG compression algorithm on a CUDA GPGPU}},
  year = 2023,
  month = {January}
}

@misc{nanojpeg_site,
  author = {Martin Fiedler},
  title = {{NanoJPEG: a compact JPEG decoder}},
  year = 2019,
  month = {June},
  url = {https://keyj.emphy.de/nanojpeg/},
  note = {Last visited: 2023/02/12}
}

@misc{JPEGSite,
  author = {Yasoob Khalid},
  title = {{Understanding and Decoding a JPEG Image using Python}},
  year = 2020,
  month = {July},
  url = {https://yasoob.me/posts/understanding-and-writing-jpeg-decoder-in-python/},
  note = {Last visited: 20-01-2023}
}
